@article{Bowden2018,
author = "Jonathan Bowden and Jonathan Bowden",
title = "A Good Article",
journal = "Computer",
volume = "280",
number = "10",
pages = "100-101",
year = "2018"
}

@book{Smith04,
author = "Tom Smith",
pages = "293",
publisher = "PubCo",
location = "City",
title = "A Super Book",
year = "2004"
}

@misc{latex,
title = "LaTeX - A document preparation system",
howpublished = "http://www.latex-project.org/"
}